% textbooks.bib

@article{da2020statistical,
  title={Statistical Research In Basketball},
  author={Da Campo, Mattia},
  year={2020}
}

@article{depren10effectiveness,
  title={THE EFFECTIVENESS OF DIFFERENT MACHINE LEARNING ALGORITHMS ON BASKETBALL PLAYERSâ€™SHOOTING PERFORMANCE},
  author={DEPREN, Serpil KILI{\c{C}}},
  journal={Spor ve Performans Ara{\c{s}}t{\i}rmalar{\i} Dergisi},
  volume={10},
  number={3},
  pages={256--269},
    year={2019}
}

@article{yang2014measuring,
  title={Measuring the efficiency of NBA teams: additive efficiency decomposition in two-stage DEA},
  author={Yang, Chih-Hai and Lin, Hsuan-Yu and Chen, Chiang-Ping},
  journal={Annals of Operations Research},
  volume={217},
  number={1},
  pages={565--589},
  year={2014},
  publisher={Springer}
}

